<record xmlns="http://www.loc.gov/MARC21/slim" xmlns:xsi="http://www.w3.org/2001/XMLSchema-instance" xsi:schemaLocation="http://www.loc.gov/MARC21/slim http://www.loc.gov/standards/marcxml/schema/MARC21slim.xsd"><leader>     nam a22        4500</leader><controlfield tag="001">1820099</controlfield><controlfield tag="003">NIC</controlfield><controlfield tag="006">m        d        </controlfield><controlfield tag="007">cr cn |||m|||a</controlfield><controlfield tag="008">150316m19831983ir ch   ob    000 0 arar </controlfield><datafield ind1=" " ind2=" " tag="040"><subfield code="a">NNU</subfield><subfield code="b">eng</subfield><subfield code="e">rda</subfield><subfield code="c">NNU</subfield></datafield><datafield ind1="0" ind2="0" tag="050"><subfield code="a">BP135.A3</subfield><subfield code="b">A488 1983</subfield></datafield><datafield ind1="1" ind2=" " tag="100"><subfield code="6">880-01</subfield><subfield code="a">Ibn Abi&#772; Jumhu&#772;r al-Ah&#803;sa&#772;&#700;i&#772;, Muh&#803;ammad ibn &#699;Ali&#772;,</subfield><subfield code="d">-approximately 1473.</subfield></datafield><datafield ind1="1" ind2="0" tag="245"><subfield code="6">880-02</subfield><subfield code="a">&#699;Awa&#772;li&#772; al-la&#700;a&#772;li&#772; al-&#699;azi&#772;zi&#772;yah fi&#772; al-ah&#803;a&#772;di&#772;th al-di&#772;ni&#772;yah /</subfield><subfield code="c">li-Muh&#803;ammad ibn &#699;Ali&#772; ibn Ibra&#772;hi&#772;m al-Ah&#803;sa&#772;&#700;i&#772; al-ma&#699;ru&#772;f bi-Ibn Abi&#772; Jumhu&#772;r ; qaddama lahu Shiha&#772;b al-Di&#772;n al-Najafi&#772; al-Mar&#699;ashi&#772; ; tah&#803;qi&#772;q Mujtaba&#769; al-&#699;Ira&#772;qi&#772;.</subfield></datafield><datafield ind1=" " ind2=" " tag="250"><subfield code="6">880-03</subfield><subfield code="a">al-T&#803;ab&#699;ah 1.</subfield></datafield><datafield ind1=" " ind2=" " tag="260"><subfield code="6">880-04</subfield><subfield code="a">Qum, I&#772;ra&#772;n :</subfield><subfield code="b">Mat&#803;ba&#699;at Sayyid al-Shuhada&#772;&#700;,</subfield><subfield code="c">1983-1985.</subfield></datafield><datafield ind1=" " ind2=" " tag="300"><subfield code="a">online resource (4 volumes) :</subfield><subfield code="b">facsimiles, portrait</subfield></datafield><datafield ind1=" " ind2=" " tag="336"><subfield code="a">text</subfield><subfield code="2">rdacontent</subfield></datafield><datafield ind1=" " ind2=" " tag="337"><subfield code="a">computer</subfield><subfield code="2">rdamedia</subfield></datafield><datafield ind1=" " ind2=" " tag="338"><subfield code="a">online resource</subfield><subfield code="2">rdacarrier</subfield></datafield><datafield ind1=" " ind2=" " tag="500"><subfield code="a">In Arabic.</subfield></datafield><datafield ind1=" " ind2=" " tag="500"><subfield code="a">Part of the Arabic Collections Online (ACO) project, contributed by Cornell University Libraries.</subfield></datafield><datafield ind1=" " ind2=" " tag="504"><subfield code="a">Includes bibliographical references.</subfield></datafield><datafield ind1=" " ind2=" " tag="533"><subfield code="a">Electronic reproduction.</subfield><subfield code="b">New York, N.Y. :</subfield><subfield code="c">New York University,</subfield><subfield code="d">2015.</subfield><subfield code="5">NNU</subfield></datafield><datafield ind1=" " ind2="0" tag="650"><subfield code="a">Hadith</subfield><subfield code="x">Texts.</subfield></datafield><datafield ind1=" " ind2="7" tag="650"><subfield code="a">Hadith.</subfield><subfield code="2">fast</subfield><subfield code="0">(OCoLC)fst00950112</subfield></datafield><datafield ind1=" " ind2="7" tag="655"><subfield code="a">Texts.</subfield><subfield code="2">fast</subfield><subfield code="0">(OCoLC)fst01423705</subfield></datafield><datafield ind1="1" ind2=" " tag="700"><subfield code="6">880-05</subfield><subfield code="a">Mar&#699;ashi&#772; Najafi&#772;, Shiha&#772;b al-Di&#772;n.</subfield></datafield><datafield ind1="1" ind2=" " tag="700"><subfield code="6">880-06</subfield><subfield code="a">Ira&#772;qi&#772;, Mujtaba&#769;.</subfield></datafield><datafield ind1="2" ind2=" " tag="710"><subfield code="a">Cornell University.</subfield><subfield code="b">Libraries.</subfield></datafield><datafield ind1="0" ind2=" " tag="730"><subfield code="a">Arabic Collections Online.</subfield></datafield><datafield ind1="0" ind2="8" tag="776"><subfield code="i">Online version:</subfield><subfield code="a">Ibn Abi&#772; Jumhu&#772;r al-Ah&#803;sa&#772;&#700;i&#772;, Muh&#803;ammad ibn &#699;Ali&#772;, -approximately 1473.</subfield><subfield code="t">&#699;Awa&#772;li&#772; al-la&#700;a&#772;li&#772; al-&#699;azi&#772;zi&#772;yah fi&#772; al-ah&#803;a&#772;di&#772;th al-di&#772;ni&#772;yah.</subfield><subfield code="b">al-T&#803;ab&#699;ah 1.</subfield><subfield code="d">Qum, I&#772;ra&#772;n : Mat&#803;ba&#699;at Sayyid al-Shuhada&#772;&#700;, 1983-1985</subfield><subfield code="w">(OCoLC)570398206</subfield></datafield><datafield ind1="0" ind2="8" tag="776"><subfield code="i">Online version:</subfield><subfield code="a">Ibn Abi&#772; Jumhu&#772;r al-Ah&#803;sa&#772;&#700;i&#772;, Muh&#803;ammad ibn &#699;Ali&#772;, -approximately 1473.</subfield><subfield code="t">&#699;Awa&#772;li&#772; al-la&#700;a&#772;li&#772; al-&#699;azi&#772;zi&#772;yah fi&#772; al-ah&#803;a&#772;di&#772;th al-di&#772;ni&#772;yah.</subfield><subfield code="b">al-T&#803;ab&#699;ah 1.</subfield><subfield code="d">Qum, I&#772;ra&#772;n : Mat&#803;ba&#699;at Sayyid al-Shuhada&#772;&#700;, 1983-1985</subfield><subfield code="w">(OCoLC)608064537</subfield></datafield><datafield ind1="0" ind2="8" tag="776"><subfield code="i">Online version:</subfield><subfield code="a">Ibn Abi&#772; Jumhu&#772;r al-Ah&#803;sa&#772;&#700;i&#772;, Muh&#803;ammad ibn &#699;Ali&#772;, -approximately 1473.</subfield><subfield code="t">&#699;Awa&#772;li&#772; al-la&#700;a&#772;li&#772; al-&#699;azi&#772;zi&#772;yah fi&#772; al-ah&#803;a&#772;di&#772;th al-di&#772;ni&#772;yah.</subfield><subfield code="b">al-T&#803;ab&#699;ah 1.</subfield><subfield code="d">Qum, I&#772;ra&#772;n : Mat&#803;ba&#699;at Sayyid al-Shuhada&#772;&#700;, 1983-1985</subfield><subfield code="w">(OCoLC)613079072</subfield></datafield><datafield ind1="0" ind2="8" tag="776"><subfield code="i">Print version:</subfield><subfield code="a">Ibn Abi&#772; Jumhu&#772;r al-Ah&#803;sa&#772;&#700;i&#772;, Muh&#803;ammad ibn &#699;Ali&#772;, -approximately 1473.</subfield><subfield code="t">&#699;Awa&#772;li&#772; al-la&#700;a&#772;li&#772; al-&#699;azi&#772;zi&#772;yah fi&#772; al-ah&#803;a&#772;di&#772;th al-di&#772;ni&#772;yah</subfield><subfield code="w">(NIC)1820099</subfield><subfield code="w">(DLC)   86930124 </subfield><subfield code="w">(OCoLC)20265007</subfield></datafield><datafield ind1="4" ind2="0" tag="856"><subfield code="u">http://hdl.handle.net/2333.1/4qrfj908</subfield></datafield><datafield ind1="1" ind2=" " tag="880"><subfield code="6">100-01/r</subfield><subfield code="a">&#1575;&#1576;&#1606; &#1575;&#1576;&#1610; &#1580;&#1605;&#1607;&#1608;&#1585; &#1575;&#1604;&#1581;&#1587;&#1575;&#1574;&#1610;&#1548; &#1605;&#1581;&#1605;&#1583; &#1576;&#1606; &#1593;&#1604;&#1610;&#1548;,</subfield><subfield code="d">-approximately 1473.</subfield></datafield><datafield ind1="1" ind2="0" tag="880"><subfield code="6">245-02/r</subfield><subfield code="a">&#1593;&#1608;&#1575;&#1604;&#1609; &#1575;&#1604;&#1604;&#1574;&#1575;&#1604;&#1609; &#1575;&#1604;&#1593;&#1586;&#1610;&#1586;&#1610;&#1577; &#1601;&#1610; &#1575;&#1604;&#1571;&#1581;&#1575;&#1583;&#1610;&#1579; &#1575;&#1604;&#1583;&#1610;&#1606;&#1610;&#1577; /</subfield><subfield code="c">&#1604;&#1605;&#1581;&#1605;&#1583; &#1576;&#1606; &#1593;&#1604;&#1609; &#1576;&#1606; &#1575;&#1576;&#1585;&#1575;&#1607;&#1610;&#1605; &#1575;&#1604;&#1575;&#1581;&#1587;&#1575;&#1574;&#1610; &#1575;&#1604;&#1605;&#1593;&#1585;&#1608;&#1601; &#1576;&#1575;&#1576;&#1606; &#1575;&#1576;&#1609; &#1580;&#1605;&#1607;&#1608;&#1585; &#1563; &#1602;&#1583;&#1605; &#1604;&#1607; &#1588;&#1607;&#1575;&#1576; &#1575;&#1604;&#1583;&#1610;&#1606; &#1575;&#1604;&#1606;&#1580;&#1601;&#1609; &#1575;&#1604;&#1605;&#1585;&#1593;&#1588;&#1609; &#1563; &#1578;&#1581;&#1602;&#1610;&#1602; &#1605;&#1580;&#1578;&#1576;&#1609; &#1575;&#1604;&#1593;&#1585;&#1575;&#1602;&#1609;.</subfield></datafield><datafield ind1=" " ind2=" " tag="880"><subfield code="6">250-03/r</subfield><subfield code="a">&#1575;&#1604;&#1591;&#1576;&#1593;&#1577; &#1633;.</subfield></datafield><datafield ind1=" " ind2=" " tag="880"><subfield code="6">260-04/r</subfield><subfield code="a">&#1602;&#1605;&#1548; &#1575;&#1610;&#1585;&#1575;&#1606; :</subfield><subfield code="b">&#1605;&#1591;&#1576;&#1593;&#1577; &#1587;&#1610;&#1583; &#1575;&#1604;&#1588;&#1607;&#1583;&#1575;&#1569;&#1548;</subfield><subfield code="c">19831985.</subfield></datafield><datafield ind1="1" ind2=" " tag="880"><subfield code="6">700-05/r</subfield><subfield code="a">&#1606;&#1580;&#1601;&#1610;&#1548; &#1588;&#1607;&#1575;&#1576; &#1575;&#1604;&#1583;&#1610;&#1606;.</subfield></datafield><datafield ind1="1" ind2=" " tag="880"><subfield code="6">700-06/r</subfield><subfield code="a">&#1593;&#1585;&#1575;&#1602;&#1610;&#1548; &#1605;&#1580;&#1578;&#1576;&#1609;.</subfield></datafield><datafield ind1=" " ind2=" " tag="959"><subfield code="a">NNU</subfield><subfield code="b">WEB</subfield><subfield code="c">GENI</subfield><subfield code="t">0</subfield><subfield code="m">Electronic access</subfield><subfield code="s">01</subfield></datafield><datafield ind1=" " ind2=" " tag="999"><subfield code="i">NIC_1820099</subfield><subfield code="o">(OCoLC)ocm20265007 </subfield><subfield code="s">cornell_aco000268:muj.1</subfield><subfield code="s">cornell_aco000269:muj.2</subfield><subfield code="s">cornell_aco000270:muj.3</subfield><subfield code="s">cornell_aco000271:muj.4</subfield></datafield></record>